@article{fu2016estimating,
  title={Estimating optimal treatment regimes via subgroup identification in randomized control trials and observational studies},
  author={Fu, Haoda and Zhou, Jin and Faries, Douglas E},
  journal={Statistics in medicine},
  volume={35},
  number={19},
  pages={3285--3302},
  year={2016},
  publisher={Wiley Online Library}
}

@article{xu2015regularized,
	title={Regularized outcome weighted subgroup identification for differential treatment effects},
	author={Xu, Yaoyao and Yu, Menggang and Zhao, Ying-Qi and Li, Quefeng and Wang, Sijian and Shao, Jun},
	journal={Biometrics},
	volume={71},
	number={3},
	pages={645--653},
	year={2015},
	publisher={Wiley Online Library}
}

@article{su2009subgroup,
	title={Subgroup analysis via recursive partitioning},
	author={Su, Xiaogang and Tsai, Chih-Ling and Wang, Hansheng and Nickerson, David M and Li, Bogong},
	journal={Journal of Machine Learning Research},
	volume={10},
	number={Feb},
	pages={141--158},
	year={2009}
}

@article{fu2016estimating,
  title={Estimating optimal treatment regimes via subgroup identification in randomized control trials and observational studies},
  author={Fu, Haoda and Zhou, Jin and Faries, Douglas E},
  journal={Statistics in medicine},
  volume={35},
  number={19},
  pages={3285--3302},
  year={2016},
  publisher={Wiley Online Library}
}

@article{wang2018learning,
  title={Learning Optimal Personalized Treatment Rules in Consideration of Benefit and Risk: with an Application to Treating Type 2 Diabetes Patients with Insulin Therapies},
  author={Wang, Yuanjia and Fu, Haoda and Zeng, Donglin},
  journal={Journal of the American Statistical Association},
  volume={113},
  number={521},
  pages={1--13},
  year={2018},
  publisher={Taylor \& Francis}
}

@article{zhu2015reinforcement,
  title={Reinforcement learning trees},
  author={Zhu, Ruoqing and Zeng, Donglin and Kosorok, Michael R},
  journal={Journal of the American Statistical Association},
  volume={110},
  number={512},
  pages={1770--1784},
  year={2015},
  publisher={Taylor \& Francis}
}

