@article{fu2016estimating,
  title={Estimating optimal treatment regimes via subgroup identification in randomized control trials and observational studies},
  author={Fu, Haoda and Zhou, Jin and Faries, Douglas E},
  journal={Statistics in medicine},
  volume={35},
  number={19},
  pages={3285--3302},
  year={2016},
  publisher={Wiley Online Library}
}